<?xml version="1.0" encoding="UTF-8"?><collection xmlns="http://www.loc.gov/MARC21/slim"><record><leader>00394nam--2200145-i-4500</leader><controlfield tag="001">000012032</controlfield><controlfield tag="002">20161230</controlfield><controlfield tag="005">20170225194314</controlfield><controlfield tag="008">060222s1000------------r-----000-0-eng-d</controlfield><datafield ind1=" " ind2=" " tag="100"><subfield code="a">Broglie, Louis De</subfield></datafield><datafield ind1=" " ind2=" " tag="245"><subfield code="a">La mecanique ondulatoire a la theorie du noyau</subfield></datafield><datafield ind1=" " ind2=" " tag="260"><subfield code="a">Paris</subfield><subfield code="b">Herman &amp; C-ie, Editeurs</subfield><subfield code="c">1943</subfield></datafield><datafield ind1=" " ind2=" " tag="300"><subfield code="a">224 p. + 7 Fig</subfield></datafield><datafield ind1=" " ind2=" " tag="852"><subfield code="a">530.145.6</subfield></datafield><datafield ind1=" " ind2=" " tag="CAT"><subfield code="a">SYS</subfield><subfield code="c">20170225</subfield><subfield code="h">194314</subfield></datafield></record></collection>